%YAML 1.1
%TAG !u! tag:unity3d.com,2011:
--- !u!1 &4548515190469381311
GameObject:
  m_ObjectHideFlags: 0
  m_CorrespondingSourceObject: {fileID: 0}
  m_PrefabInstance: {fileID: 0}
  m_PrefabAsset: {fileID: 0}
  serializedVersion: 6
  m_Component:
  - component: {fileID: 4546206634076865179}
  - component: {fileID: 5303765047499552187}
  - component: {fileID: 8766290280109149901}
  m_Layer: 0
  m_Name: Model
  m_TagString: Untagged
  m_Icon: {fileID: 0}
  m_NavMeshLayer: 0
  m_StaticEditorFlags: 0
  m_IsActive: 1
--- !u!4 &4546206634076865179
Transform:
  m_ObjectHideFlags: 0
  m_CorrespondingSourceObject: {fileID: 0}
  m_PrefabInstance: {fileID: 0}
  m_PrefabAsset: {fileID: 0}
  m_GameObject: {fileID: 4548515190469381311}
  m_LocalRotation: {x: 0, y: 0, z: 0, w: 1}
  m_LocalPosition: {x: 0, y: 0, z: 0}
  m_LocalScale: {x: 1, y: 1, z: 1}
  m_Children: []
  m_Father: {fileID: 4546076880722368413}
  m_RootOrder: 0
  m_LocalEulerAnglesHint: {x: 0, y: 0, z: 0}
--- !u!114 &5303765047499552187
MonoBehaviour:
  m_ObjectHideFlags: 0
  m_CorrespondingSourceObject: {fileID: 0}
  m_PrefabInstance: {fileID: 0}
  m_PrefabAsset: {fileID: 0}
  m_GameObject: {fileID: 4548515190469381311}
  m_Enabled: 1
  m_EditorHideFlags: 0
  m_Script: {fileID: 11500000, guid: 6b8d9d7b368638d4faa357345b0f6a20, type: 3}
  m_Name: 
  m_EditorClassIdentifier: 
  animator: {fileID: 0}
--- !u!114 &8766290280109149901
MonoBehaviour:
  m_ObjectHideFlags: 0
  m_CorrespondingSourceObject: {fileID: 0}
  m_PrefabInstance: {fileID: 0}
  m_PrefabAsset: {fileID: 0}
  m_GameObject: {fileID: 4548515190469381311}
  m_Enabled: 1
  m_EditorHideFlags: 0
  m_Script: {fileID: 11500000, guid: 53b1ccefe989b82489a48e5928490bc8, type: 3}
  m_Name: 
  m_EditorClassIdentifier: 
  animatorController: {fileID: 5303765047499552187}
  defaultEntityModel: {fileID: 0}
  modelPrefab: {fileID: 1092915360572957052, guid: df707e9f6cd9ded4cbe1d2e246a7fddc,
    type: 3}
  previewMesh: {fileID: 0}
  previewIcon: 
--- !u!1 &4548557929045416857
GameObject:
  m_ObjectHideFlags: 0
  m_CorrespondingSourceObject: {fileID: 0}
  m_PrefabInstance: {fileID: 0}
  m_PrefabAsset: {fileID: 0}
  serializedVersion: 6
  m_Component:
  - component: {fileID: 4546076880722368413}
  - component: {fileID: 7287684630761203981}
  - component: {fileID: 4740320811682601743}
  - component: {fileID: 8294304389978686737}
  - component: {fileID: 4601324136478570883}
  - component: {fileID: 7502266341601932224}
  m_Layer: 11
  m_Name: BattleEntity_Rizwan
  m_TagString: Finish
  m_Icon: {fileID: 0}
  m_NavMeshLayer: 0
  m_StaticEditorFlags: 0
  m_IsActive: 1
--- !u!4 &4546076880722368413
Transform:
  m_ObjectHideFlags: 0
  m_CorrespondingSourceObject: {fileID: 0}
  m_PrefabInstance: {fileID: 0}
  m_PrefabAsset: {fileID: 0}
  m_GameObject: {fileID: 4548557929045416857}
  m_LocalRotation: {x: 0, y: 0, z: 0, w: 1}
  m_LocalPosition: {x: 0, y: 0, z: 0}
  m_LocalScale: {x: 1, y: 1, z: 1}
  m_Children:
  - {fileID: 4546206634076865179}
  - {fileID: 2776145177124587064}
  - {fileID: 1600092189064321374}
  - {fileID: 8759846429415016305}
  - {fileID: 4983561320560279944}
  m_Father: {fileID: 0}
  m_RootOrder: 0
  m_LocalEulerAnglesHint: {x: 0, y: 0, z: 0}
--- !u!143 &7287684630761203981
CharacterController:
  m_ObjectHideFlags: 0
  m_CorrespondingSourceObject: {fileID: 0}
  m_PrefabInstance: {fileID: 0}
  m_PrefabAsset: {fileID: 0}
  m_GameObject: {fileID: 4548557929045416857}
  m_Material: {fileID: 0}
  m_IsTrigger: 0
  m_Enabled: 1
  serializedVersion: 2
  m_Height: 1.8
  m_Radius: 0.4
  m_SlopeLimit: 45
  m_StepOffset: 0.3
  m_SkinWidth: 0.2
  m_MinMoveDistance: 0.001
  m_Center: {x: 0, y: 1.1, z: 0}
--- !u!114 &4740320811682601743
MonoBehaviour:
  m_ObjectHideFlags: 0
  m_CorrespondingSourceObject: {fileID: 0}
  m_PrefabInstance: {fileID: 0}
  m_PrefabAsset: {fileID: 0}
  m_GameObject: {fileID: 4548557929045416857}
  m_Enabled: 1
  m_EditorHideFlags: 0
  m_Script: {fileID: 11500000, guid: a7946798c07a51943a42b33a44b420fb, type: 3}
  m_Name: 
  m_EditorClassIdentifier: 
  entityTag: 2
  destroyMethod: 0
  isDestroyed: 0
  destructionEffectPrefab: {fileID: 0}
  destructionEffectOffset: {x: 0, y: 0, z: 0}
  spawnPositionOffset: {x: 0, y: 0, z: 0}
  animatorController: {fileID: 5303765047499552187}
  characterController: {fileID: 8294304389978686737}
  entityModelBinder: {fileID: 8766290280109149901}
  explosionForceOnDefeated: 100
  oneBattleRoundEventChannel: {fileID: 11400000, guid: 52908d251e1c68743b33463ceb2bdfe9,
    type: 2}
  cameraShaker: {fileID: 6734472806307453318}
  statusEffectController: {fileID: 5766972889697121566}
  targetingBehavior: {fileID: 5083963661048511748}
  statsBaseValue: {fileID: 11400000, guid: f708adeca8d6ec14db6e4f960816d6b6, type: 2}
  damageStickyPrefab: {fileID: 4612853293941701785, guid: 9a0ed9d4be59d4f499025ea1b2224517,
    type: 3}
  guardMultiplier: 0.5
  infiniteHp: 0
  _fatigue: 0
  statusPanel: {fileID: 7050692543401734650}
  consumables:
  - itemBase: {fileID: 11400000, guid: 0a79beaedcc107740b55b5f2e00da394, type: 2}
    amount: 1
  itemDrop:
  - itemBase: {fileID: 11400000, guid: 5f1315a9578e7e5428e14148769e538e, type: 2}
    amount: 1
  ilmuDrop:
  - subject: 0
    cost: 10
  - subject: 1
    cost: 10
  - subject: 6
    cost: 10
  - subject: 7
    cost: 10
--- !u!114 &8294304389978686737
MonoBehaviour:
  m_ObjectHideFlags: 0
  m_CorrespondingSourceObject: {fileID: 0}
  m_PrefabInstance: {fileID: 0}
  m_PrefabAsset: {fileID: 0}
  m_GameObject: {fileID: 4548557929045416857}
  m_Enabled: 1
  m_EditorHideFlags: 0
  m_Script: {fileID: 11500000, guid: 71c494d82afb2244e873f199eb4984ef, type: 3}
  m_Name: 
  m_EditorClassIdentifier: 
  animatorController: {fileID: 5303765047499552187}
  mover: {fileID: 7287684630761203981}
  maxPlanarSpeed: 15
  maxVerticalSpeed: 3
  planarDrag: 15
  runAccel: 80
  walkAccel: 40
  speedMultiplier: 1
  gravityScale: 2
  faceRotationSpeed: 10
  faceRotationInputDuration: 0.1
  velocity: {x: 0, y: 0, z: 0}
  externalForce: {x: 0, y: 0, z: 0}
  applyGravity: 1
  updateMover: 1
  canMove: 1
  canRotate: 1
--- !u!54 &4601324136478570883
Rigidbody:
  m_ObjectHideFlags: 0
  m_CorrespondingSourceObject: {fileID: 0}
  m_PrefabInstance: {fileID: 0}
  m_PrefabAsset: {fileID: 0}
  m_GameObject: {fileID: 4548557929045416857}
  serializedVersion: 2
  m_Mass: 1
  m_Drag: 0
  m_AngularDrag: 0.05
  m_UseGravity: 1
  m_IsKinematic: 0
  m_Interpolate: 0
  m_Constraints: 116
  m_CollisionDetection: 0
--- !u!114 &7502266341601932224
MonoBehaviour:
  m_ObjectHideFlags: 0
  m_CorrespondingSourceObject: {fileID: 0}
  m_PrefabInstance: {fileID: 0}
  m_PrefabAsset: {fileID: 0}
  m_GameObject: {fileID: 4548557929045416857}
  m_Enabled: 1
  m_EditorHideFlags: 0
  m_Script: {fileID: 11500000, guid: c77dd56f6d625d34fafb33700403289b, type: 3}
  m_Name: 
  m_EditorClassIdentifier: 
  entityCharacterController: {fileID: 8294304389978686737}
  animatorController: {fileID: 5303765047499552187}
  useGameObjectName: 0
--- !u!1 &7614295460517888367
GameObject:
  m_ObjectHideFlags: 0
  m_CorrespondingSourceObject: {fileID: 0}
  m_PrefabInstance: {fileID: 0}
  m_PrefabAsset: {fileID: 0}
  serializedVersion: 6
  m_Component:
  - component: {fileID: 4983561320560279944}
  - component: {fileID: 5083963661048511748}
  m_Layer: 0
  m_Name: BattleTargetingBehavior
  m_TagString: Untagged
  m_Icon: {fileID: 0}
  m_NavMeshLayer: 0
  m_StaticEditorFlags: 0
  m_IsActive: 1
--- !u!4 &4983561320560279944
Transform:
  m_ObjectHideFlags: 0
  m_CorrespondingSourceObject: {fileID: 0}
  m_PrefabInstance: {fileID: 0}
  m_PrefabAsset: {fileID: 0}
  m_GameObject: {fileID: 7614295460517888367}
  m_LocalRotation: {x: -0, y: -0, z: -0, w: 1}
  m_LocalPosition: {x: 0, y: 0, z: 0}
  m_LocalScale: {x: 1, y: 1, z: 1}
  m_Children: []
  m_Father: {fileID: 4546076880722368413}
  m_RootOrder: 4
  m_LocalEulerAnglesHint: {x: 0, y: 0, z: 0}
--- !u!114 &5083963661048511748
MonoBehaviour:
  m_ObjectHideFlags: 0
  m_CorrespondingSourceObject: {fileID: 0}
  m_PrefabInstance: {fileID: 0}
  m_PrefabAsset: {fileID: 0}
  m_GameObject: {fileID: 7614295460517888367}
  m_Enabled: 1
  m_EditorHideFlags: 0
  m_Script: {fileID: 11500000, guid: b45c20ae292852943bb59dc74e080dda, type: 3}
  m_Name: 
  m_EditorClassIdentifier: 
  targetingInfos:
  - condition: {fileID: 11400000, guid: 52382e14b7017d046bdd79188f422732, type: 2}
    action: {fileID: 11400000, guid: 751a31d677341e547a45165db2516df5, type: 2}
  - condition: {fileID: 11400000, guid: a820a7c5835277744bac1398ccd62e25, type: 2}
    action: {fileID: 11400000, guid: 4536ee819cb32f84097d60ccdcf04198, type: 2}
  beginToHealThreshold: 50
--- !u!1 &7882205823088348073
GameObject:
  m_ObjectHideFlags: 0
  m_CorrespondingSourceObject: {fileID: 0}
  m_PrefabInstance: {fileID: 0}
  m_PrefabAsset: {fileID: 0}
  serializedVersion: 6
  m_Component:
  - component: {fileID: 8759846429415016305}
  - component: {fileID: 906745621478344046}
  - component: {fileID: 6734472806307453318}
  m_Layer: 0
  m_Name: CameraShaker
  m_TagString: Untagged
  m_Icon: {fileID: 0}
  m_NavMeshLayer: 0
  m_StaticEditorFlags: 0
  m_IsActive: 1
--- !u!4 &8759846429415016305
Transform:
  m_ObjectHideFlags: 0
  m_CorrespondingSourceObject: {fileID: 0}
  m_PrefabInstance: {fileID: 0}
  m_PrefabAsset: {fileID: 0}
  m_GameObject: {fileID: 7882205823088348073}
  m_LocalRotation: {x: -0, y: -0, z: -0, w: 1}
  m_LocalPosition: {x: 0, y: 0, z: 0}
  m_LocalScale: {x: 1, y: 1, z: 1}
  m_Children: []
  m_Father: {fileID: 4546076880722368413}
  m_RootOrder: 3
  m_LocalEulerAnglesHint: {x: 0, y: 0, z: 0}
--- !u!114 &906745621478344046
MonoBehaviour:
  m_ObjectHideFlags: 0
  m_CorrespondingSourceObject: {fileID: 0}
  m_PrefabInstance: {fileID: 0}
  m_PrefabAsset: {fileID: 0}
  m_GameObject: {fileID: 7882205823088348073}
  m_Enabled: 1
  m_EditorHideFlags: 0
  m_Script: {fileID: 11500000, guid: 180ecf9b41d478f468eb3e9083753217, type: 3}
  m_Name: 
  m_EditorClassIdentifier: 
  m_ImpulseDefinition:
    m_ImpulseChannel: 2
    m_RawSignal: {fileID: 11400000, guid: 20e46be82478fa24b90f748044c06b4b, type: 2}
    m_AmplitudeGain: 1
    m_FrequencyGain: 1
    m_RepeatMode: 0
    m_Randomize: 1
    m_TimeEnvelope:
      m_AttackShape:
        serializedVersion: 2
        m_Curve: []
        m_PreInfinity: 2
        m_PostInfinity: 2
        m_RotationOrder: 4
      m_DecayShape:
        serializedVersion: 2
        m_Curve: []
        m_PreInfinity: 2
        m_PostInfinity: 2
        m_RotationOrder: 4
      m_AttackTime: 0
      m_SustainTime: 0.2
      m_DecayTime: 0.7
      m_ScaleWithImpact: 1
      m_HoldForever: 0
    m_ImpactRadius: 100
    m_DirectionMode: 0
    m_DissipationMode: 2
    m_DissipationDistance: 1000
--- !u!114 &6734472806307453318
MonoBehaviour:
  m_ObjectHideFlags: 0
  m_CorrespondingSourceObject: {fileID: 0}
  m_PrefabInstance: {fileID: 0}
  m_PrefabAsset: {fileID: 0}
  m_GameObject: {fileID: 7882205823088348073}
  m_Enabled: 1
  m_EditorHideFlags: 0
  m_Script: {fileID: 11500000, guid: 537244064ea68e746bfb24cf9549d76a, type: 3}
  m_Name: 
  m_EditorClassIdentifier: 
  loopInterval: 2
  shakeDuration: 3
  shakeOnStart: 0
  loop: 0
--- !u!1 &8584886374321548456
GameObject:
  m_ObjectHideFlags: 0
  m_CorrespondingSourceObject: {fileID: 0}
  m_PrefabInstance: {fileID: 0}
  m_PrefabAsset: {fileID: 0}
  serializedVersion: 6
  m_Component:
  - component: {fileID: 2776145177124587064}
  - component: {fileID: 5766972889697121566}
  m_Layer: 0
  m_Name: StatusEffectController
  m_TagString: Untagged
  m_Icon: {fileID: 0}
  m_NavMeshLayer: 0
  m_StaticEditorFlags: 0
  m_IsActive: 1
--- !u!4 &2776145177124587064
Transform:
  m_ObjectHideFlags: 0
  m_CorrespondingSourceObject: {fileID: 0}
  m_PrefabInstance: {fileID: 0}
  m_PrefabAsset: {fileID: 0}
  m_GameObject: {fileID: 8584886374321548456}
  m_LocalRotation: {x: 0, y: 0, z: 0, w: 1}
  m_LocalPosition: {x: 0, y: 1.1, z: 0}
  m_LocalScale: {x: 1, y: 1, z: 1}
  m_Children: []
  m_Father: {fileID: 4546076880722368413}
  m_RootOrder: 1
  m_LocalEulerAnglesHint: {x: 0, y: 0, z: 0}
--- !u!114 &5766972889697121566
MonoBehaviour:
  m_ObjectHideFlags: 0
  m_CorrespondingSourceObject: {fileID: 0}
  m_PrefabInstance: {fileID: 0}
  m_PrefabAsset: {fileID: 0}
  m_GameObject: {fileID: 8584886374321548456}
  m_Enabled: 1
  m_EditorHideFlags: 0
  m_Script: {fileID: 11500000, guid: 1391724d6db05a04c87b80eac8d92502, type: 3}
  m_Name: 
  m_EditorClassIdentifier: 
  owner: {fileID: 4740320811682601743}
  effectSize: 1
  positionOffsetTop: {x: 0, y: 1.1, z: 0}
  positionOffsetCenter: {x: 0, y: 0, z: 0}
  positionOffsetBottom: {x: 0, y: 0, z: 0}
  statusAilmentImmunityList: 
  statusEffectResistances: []
--- !u!1001 &3477738642548372612
PrefabInstance:
  m_ObjectHideFlags: 0
  serializedVersion: 2
  m_Modification:
    m_TransformParent: {fileID: 4546076880722368413}
    m_Modifications:
    - target: {fileID: 282177833494818399, guid: e1a08c937a0e89a48b1034ad7023355c,
        type: 3}
      propertyPath: m_Name
      value: StatusPanel
      objectReference: {fileID: 0}
    - target: {fileID: 282177833494818399, guid: e1a08c937a0e89a48b1034ad7023355c,
        type: 3}
      propertyPath: m_IsActive
      value: 0
      objectReference: {fileID: 0}
    - target: {fileID: 2771899053744647642, guid: e1a08c937a0e89a48b1034ad7023355c,
        type: 3}
      propertyPath: m_RootOrder
      value: 2
      objectReference: {fileID: 0}
    - target: {fileID: 2771899053744647642, guid: e1a08c937a0e89a48b1034ad7023355c,
        type: 3}
      propertyPath: m_LocalPosition.x
      value: 0
      objectReference: {fileID: 0}
    - target: {fileID: 2771899053744647642, guid: e1a08c937a0e89a48b1034ad7023355c,
        type: 3}
      propertyPath: m_LocalPosition.y
      value: -0.2
      objectReference: {fileID: 0}
    - target: {fileID: 2771899053744647642, guid: e1a08c937a0e89a48b1034ad7023355c,
        type: 3}
      propertyPath: m_LocalPosition.z
      value: 1
      objectReference: {fileID: 0}
    - target: {fileID: 2771899053744647642, guid: e1a08c937a0e89a48b1034ad7023355c,
        type: 3}
      propertyPath: m_LocalRotation.w
      value: 1
      objectReference: {fileID: 0}
    - target: {fileID: 2771899053744647642, guid: e1a08c937a0e89a48b1034ad7023355c,
        type: 3}
      propertyPath: m_LocalRotation.x
      value: -0
      objectReference: {fileID: 0}
    - target: {fileID: 2771899053744647642, guid: e1a08c937a0e89a48b1034ad7023355c,
        type: 3}
      propertyPath: m_LocalRotation.y
      value: -0
      objectReference: {fileID: 0}
    - target: {fileID: 2771899053744647642, guid: e1a08c937a0e89a48b1034ad7023355c,
        type: 3}
      propertyPath: m_LocalRotation.z
      value: -0
      objectReference: {fileID: 0}
    - target: {fileID: 2771899053744647642, guid: e1a08c937a0e89a48b1034ad7023355c,
        type: 3}
      propertyPath: m_LocalEulerAnglesHint.x
      value: 0
      objectReference: {fileID: 0}
    - target: {fileID: 2771899053744647642, guid: e1a08c937a0e89a48b1034ad7023355c,
        type: 3}
      propertyPath: m_LocalEulerAnglesHint.y
      value: 0
      objectReference: {fileID: 0}
    - target: {fileID: 2771899053744647642, guid: e1a08c937a0e89a48b1034ad7023355c,
        type: 3}
      propertyPath: m_LocalEulerAnglesHint.z
      value: 0
      objectReference: {fileID: 0}
    m_RemovedComponents: []
  m_SourcePrefab: {fileID: 100100000, guid: e1a08c937a0e89a48b1034ad7023355c, type: 3}
--- !u!4 &1600092189064321374 stripped
Transform:
  m_CorrespondingSourceObject: {fileID: 2771899053744647642, guid: e1a08c937a0e89a48b1034ad7023355c,
    type: 3}
  m_PrefabInstance: {fileID: 3477738642548372612}
  m_PrefabAsset: {fileID: 0}
--- !u!114 &7050692543401734650 stripped
MonoBehaviour:
  m_CorrespondingSourceObject: {fileID: 5880152303298282878, guid: e1a08c937a0e89a48b1034ad7023355c,
    type: 3}
  m_PrefabInstance: {fileID: 3477738642548372612}
  m_PrefabAsset: {fileID: 0}
  m_GameObject: {fileID: 0}
  m_Enabled: 1
  m_EditorHideFlags: 0
  m_Script: {fileID: 11500000, guid: ae6694ccac4623a49942da1d36d8760b, type: 3}
  m_Name: 
  m_EditorClassIdentifier: 
