%YAML 1.1
%TAG !u! tag:unity3d.com,2011:
--- !u!1 &495907573446250108
GameObject:
  m_ObjectHideFlags: 0
  m_CorrespondingSourceObject: {fileID: 0}
  m_PrefabInstance: {fileID: 0}
  m_PrefabAsset: {fileID: 0}
  serializedVersion: 6
  m_Component:
  - component: {fileID: 497789389274595960}
  - component: {fileID: 6691617418023877864}
  - component: {fileID: 5396757094992826612}
  - component: {fileID: 442839258349513830}
  - component: {fileID: 8844140623013556852}
  - component: {fileID: 5900576863120795173}
  m_Layer: 11
  m_Name: NPC_MC
  m_TagString: Finish
  m_Icon: {fileID: 0}
  m_NavMeshLayer: 0
  m_StaticEditorFlags: 0
  m_IsActive: 1
--- !u!4 &497789389274595960
Transform:
  m_ObjectHideFlags: 0
  m_CorrespondingSourceObject: {fileID: 0}
  m_PrefabInstance: {fileID: 0}
  m_PrefabAsset: {fileID: 0}
  m_GameObject: {fileID: 495907573446250108}
  m_LocalRotation: {x: 0, y: 0, z: 0, w: 1}
  m_LocalPosition: {x: 0, y: 0, z: 0}
  m_LocalScale: {x: 1, y: 1, z: 1}
  m_Children:
  - {fileID: 497989436862388094}
  - {fileID: 8219280348204554283}
  m_Father: {fileID: 0}
  m_RootOrder: 0
  m_LocalEulerAnglesHint: {x: 0, y: 0, z: 0}
--- !u!143 &6691617418023877864
CharacterController:
  m_ObjectHideFlags: 0
  m_CorrespondingSourceObject: {fileID: 0}
  m_PrefabInstance: {fileID: 0}
  m_PrefabAsset: {fileID: 0}
  m_GameObject: {fileID: 495907573446250108}
  m_Material: {fileID: 0}
  m_IsTrigger: 0
  m_Enabled: 1
  serializedVersion: 2
  m_Height: 1.8
  m_Radius: 0.4
  m_SlopeLimit: 45
  m_StepOffset: 0.3
  m_SkinWidth: 0.2
  m_MinMoveDistance: 0.001
  m_Center: {x: 0, y: 1.1, z: 0}
--- !u!114 &5396757094992826612
MonoBehaviour:
  m_ObjectHideFlags: 0
  m_CorrespondingSourceObject: {fileID: 0}
  m_PrefabInstance: {fileID: 0}
  m_PrefabAsset: {fileID: 0}
  m_GameObject: {fileID: 495907573446250108}
  m_Enabled: 1
  m_EditorHideFlags: 0
  m_Script: {fileID: 11500000, guid: 71c494d82afb2244e873f199eb4984ef, type: 3}
  m_Name: 
  m_EditorClassIdentifier: 
  animatorController: {fileID: 8098785136309346398}
  mover: {fileID: 6691617418023877864}
  maxPlanarSpeed: 15
  maxVerticalSpeed: 3
  planarDrag: 15
  runAccel: 80
  walkAccel: 40
  speedMultiplier: 1
  gravityScale: 2
  faceRotationSpeed: 10
  faceRotationInputDuration: 0.1
  velocity: {x: 0, y: 0, z: 0}
  externalForce: {x: 0, y: 0, z: 0}
  applyGravity: 1
  updateMover: 1
  canMove: 1
  canRotate: 1
--- !u!54 &442839258349513830
Rigidbody:
  m_ObjectHideFlags: 0
  m_CorrespondingSourceObject: {fileID: 0}
  m_PrefabInstance: {fileID: 0}
  m_PrefabAsset: {fileID: 0}
  m_GameObject: {fileID: 495907573446250108}
  serializedVersion: 2
  m_Mass: 1
  m_Drag: 0
  m_AngularDrag: 0.05
  m_UseGravity: 1
  m_IsKinematic: 0
  m_Interpolate: 0
  m_Constraints: 116
  m_CollisionDetection: 0
--- !u!114 &8844140623013556852
MonoBehaviour:
  m_ObjectHideFlags: 0
  m_CorrespondingSourceObject: {fileID: 0}
  m_PrefabInstance: {fileID: 0}
  m_PrefabAsset: {fileID: 0}
  m_GameObject: {fileID: 495907573446250108}
  m_Enabled: 1
  m_EditorHideFlags: 0
  m_Script: {fileID: 11500000, guid: 2b1b0575ca6515d43a432c943892e402, type: 3}
  m_Name: 
  m_EditorClassIdentifier: 
  entityTag: 3
  destroyMethod: 1
  isDestroyed: 0
  destructionEffectPrefab: {fileID: 0}
  destructionEffectOffset: {x: 0, y: 0, z: 0}
  spawnPositionOffset: {x: 0, y: 0, z: 0}
  animatorController: {fileID: 8098785136309346398}
  characterController: {fileID: 5396757094992826612}
  entityModelBinder: {fileID: 4636023199528966952}
  entityName: 
  statsBaseValue: {fileID: 11400000, guid: c859cf7d7bc6e354790f39481445eef1, type: 2}
--- !u!114 &5900576863120795173
MonoBehaviour:
  m_ObjectHideFlags: 0
  m_CorrespondingSourceObject: {fileID: 0}
  m_PrefabInstance: {fileID: 0}
  m_PrefabAsset: {fileID: 0}
  m_GameObject: {fileID: 495907573446250108}
  m_Enabled: 1
  m_EditorHideFlags: 0
  m_Script: {fileID: 11500000, guid: c77dd56f6d625d34fafb33700403289b, type: 3}
  m_Name: 
  m_EditorClassIdentifier: 
  entityCharacterController: {fileID: 5396757094992826612}
  animatorController: {fileID: 8098785136309346398}
  useGameObjectName: 0
--- !u!1 &495952787073145178
GameObject:
  m_ObjectHideFlags: 0
  m_CorrespondingSourceObject: {fileID: 0}
  m_PrefabInstance: {fileID: 0}
  m_PrefabAsset: {fileID: 0}
  serializedVersion: 6
  m_Component:
  - component: {fileID: 497989436862388094}
  - component: {fileID: 8098785136309346398}
  - component: {fileID: 4636023199528966952}
  m_Layer: 0
  m_Name: Model
  m_TagString: Untagged
  m_Icon: {fileID: 0}
  m_NavMeshLayer: 0
  m_StaticEditorFlags: 0
  m_IsActive: 1
--- !u!4 &497989436862388094
Transform:
  m_ObjectHideFlags: 0
  m_CorrespondingSourceObject: {fileID: 0}
  m_PrefabInstance: {fileID: 0}
  m_PrefabAsset: {fileID: 0}
  m_GameObject: {fileID: 495952787073145178}
  m_LocalRotation: {x: 0, y: 0, z: 0, w: 1}
  m_LocalPosition: {x: 0, y: 0, z: 0}
  m_LocalScale: {x: 1, y: 1, z: 1}
  m_Children:
  - {fileID: 2567235402914397220}
  m_Father: {fileID: 497789389274595960}
  m_RootOrder: 0
  m_LocalEulerAnglesHint: {x: 0, y: 0, z: 0}
--- !u!114 &8098785136309346398
MonoBehaviour:
  m_ObjectHideFlags: 0
  m_CorrespondingSourceObject: {fileID: 0}
  m_PrefabInstance: {fileID: 0}
  m_PrefabAsset: {fileID: 0}
  m_GameObject: {fileID: 495952787073145178}
  m_Enabled: 1
  m_EditorHideFlags: 0
  m_Script: {fileID: 11500000, guid: 6b8d9d7b368638d4faa357345b0f6a20, type: 3}
  m_Name: 
  m_EditorClassIdentifier: 
  animator: {fileID: 0}
--- !u!114 &4636023199528966952
MonoBehaviour:
  m_ObjectHideFlags: 0
  m_CorrespondingSourceObject: {fileID: 0}
  m_PrefabInstance: {fileID: 0}
  m_PrefabAsset: {fileID: 0}
  m_GameObject: {fileID: 495952787073145178}
  m_Enabled: 1
  m_EditorHideFlags: 0
  m_Script: {fileID: 11500000, guid: 53b1ccefe989b82489a48e5928490bc8, type: 3}
  m_Name: 
  m_EditorClassIdentifier: 
  animatorController: {fileID: 8098785136309346398}
  defaultEntityModel: {fileID: 7839336880568938375}
  modelPrefab: {fileID: 0}
  previewMesh: {fileID: 0}
  previewIcon: 
--- !u!1 &4992650111238636615
GameObject:
  m_ObjectHideFlags: 0
  m_CorrespondingSourceObject: {fileID: 0}
  m_PrefabInstance: {fileID: 0}
  m_PrefabAsset: {fileID: 0}
  serializedVersion: 6
  m_Component:
  - component: {fileID: 8219280348204554283}
  - component: {fileID: 1405247494765319284}
  - component: {fileID: 41380292499934792}
  - component: {fileID: 8558523142217126962}
  m_Layer: 10
  m_Name: InteractionTrigger
  m_TagString: Untagged
  m_Icon: {fileID: 0}
  m_NavMeshLayer: 0
  m_StaticEditorFlags: 0
  m_IsActive: 0
--- !u!4 &8219280348204554283
Transform:
  m_ObjectHideFlags: 0
  m_CorrespondingSourceObject: {fileID: 0}
  m_PrefabInstance: {fileID: 0}
  m_PrefabAsset: {fileID: 0}
  m_GameObject: {fileID: 4992650111238636615}
  m_LocalRotation: {x: -0, y: -0, z: -0, w: 1}
  m_LocalPosition: {x: 0, y: 0, z: 0}
  m_LocalScale: {x: 1, y: 1, z: 1}
  m_Children: []
  m_Father: {fileID: 497789389274595960}
  m_RootOrder: 1
  m_LocalEulerAnglesHint: {x: 0, y: 0, z: 0}
--- !u!114 &1405247494765319284
MonoBehaviour:
  m_ObjectHideFlags: 0
  m_CorrespondingSourceObject: {fileID: 0}
  m_PrefabInstance: {fileID: 0}
  m_PrefabAsset: {fileID: 0}
  m_GameObject: {fileID: 4992650111238636615}
  m_Enabled: 1
  m_EditorHideFlags: 0
  m_Script: {fileID: 11500000, guid: c85ad9e1d8991f14a8197f6d3f12db68, type: 3}
  m_Name: 
  m_EditorClassIdentifier: 
--- !u!54 &41380292499934792
Rigidbody:
  m_ObjectHideFlags: 0
  m_CorrespondingSourceObject: {fileID: 0}
  m_PrefabInstance: {fileID: 0}
  m_PrefabAsset: {fileID: 0}
  m_GameObject: {fileID: 4992650111238636615}
  serializedVersion: 2
  m_Mass: 1
  m_Drag: 0
  m_AngularDrag: 0.05
  m_UseGravity: 0
  m_IsKinematic: 1
  m_Interpolate: 0
  m_Constraints: 126
  m_CollisionDetection: 0
--- !u!135 &8558523142217126962
SphereCollider:
  m_ObjectHideFlags: 0
  m_CorrespondingSourceObject: {fileID: 0}
  m_PrefabInstance: {fileID: 0}
  m_PrefabAsset: {fileID: 0}
  m_GameObject: {fileID: 4992650111238636615}
  m_Material: {fileID: 0}
  m_IsTrigger: 1
  m_Enabled: 1
  serializedVersion: 2
  m_Radius: 1.5
  m_Center: {x: 0, y: 0.8, z: 0}
--- !u!1001 &7196818043776454395
PrefabInstance:
  m_ObjectHideFlags: 0
  serializedVersion: 2
  m_Modification:
    m_TransformParent: {fileID: 497989436862388094}
    m_Modifications:
    - target: {fileID: 4629873169680708319, guid: b61e9dd56df45684797446191c9d62f2,
        type: 3}
      propertyPath: m_RootOrder
      value: 0
      objectReference: {fileID: 0}
    - target: {fileID: 4629873169680708319, guid: b61e9dd56df45684797446191c9d62f2,
        type: 3}
      propertyPath: m_LocalPosition.x
      value: 0
      objectReference: {fileID: 0}
    - target: {fileID: 4629873169680708319, guid: b61e9dd56df45684797446191c9d62f2,
        type: 3}
      propertyPath: m_LocalPosition.y
      value: 0
      objectReference: {fileID: 0}
    - target: {fileID: 4629873169680708319, guid: b61e9dd56df45684797446191c9d62f2,
        type: 3}
      propertyPath: m_LocalPosition.z
      value: 0
      objectReference: {fileID: 0}
    - target: {fileID: 4629873169680708319, guid: b61e9dd56df45684797446191c9d62f2,
        type: 3}
      propertyPath: m_LocalRotation.w
      value: 1
      objectReference: {fileID: 0}
    - target: {fileID: 4629873169680708319, guid: b61e9dd56df45684797446191c9d62f2,
        type: 3}
      propertyPath: m_LocalRotation.x
      value: 0
      objectReference: {fileID: 0}
    - target: {fileID: 4629873169680708319, guid: b61e9dd56df45684797446191c9d62f2,
        type: 3}
      propertyPath: m_LocalRotation.y
      value: 0
      objectReference: {fileID: 0}
    - target: {fileID: 4629873169680708319, guid: b61e9dd56df45684797446191c9d62f2,
        type: 3}
      propertyPath: m_LocalRotation.z
      value: 0
      objectReference: {fileID: 0}
    - target: {fileID: 4629873169680708319, guid: b61e9dd56df45684797446191c9d62f2,
        type: 3}
      propertyPath: m_LocalEulerAnglesHint.x
      value: 0
      objectReference: {fileID: 0}
    - target: {fileID: 4629873169680708319, guid: b61e9dd56df45684797446191c9d62f2,
        type: 3}
      propertyPath: m_LocalEulerAnglesHint.y
      value: 0
      objectReference: {fileID: 0}
    - target: {fileID: 4629873169680708319, guid: b61e9dd56df45684797446191c9d62f2,
        type: 3}
      propertyPath: m_LocalEulerAnglesHint.z
      value: 0
      objectReference: {fileID: 0}
    - target: {fileID: 5407501207631456357, guid: b61e9dd56df45684797446191c9d62f2,
        type: 3}
      propertyPath: m_Name
      value: Humanoid_TPose_White
      objectReference: {fileID: 0}
    m_RemovedComponents: []
  m_SourcePrefab: {fileID: 100100000, guid: b61e9dd56df45684797446191c9d62f2, type: 3}
--- !u!4 &2567235402914397220 stripped
Transform:
  m_CorrespondingSourceObject: {fileID: 4629873169680708319, guid: b61e9dd56df45684797446191c9d62f2,
    type: 3}
  m_PrefabInstance: {fileID: 7196818043776454395}
  m_PrefabAsset: {fileID: 0}
--- !u!114 &7839336880568938375 stripped
MonoBehaviour:
  m_CorrespondingSourceObject: {fileID: 1092915360572957052, guid: b61e9dd56df45684797446191c9d62f2,
    type: 3}
  m_PrefabInstance: {fileID: 7196818043776454395}
  m_PrefabAsset: {fileID: 0}
  m_GameObject: {fileID: 0}
  m_Enabled: 1
  m_EditorHideFlags: 0
  m_Script: {fileID: 11500000, guid: 4d4d2dddf18885e47ba34cb80562c9bb, type: 3}
  m_Name: 
  m_EditorClassIdentifier: 
